<record><leader>00000cas a22000007a 4500</leader><controlfield tag="001">1756495</controlfield><controlfield tag="008">751101d193619uumnu x pe      0    0eng d</controlfield><datafield ind1=" " ind2=" " tag="010"><subfield code="a">sn 90060522 </subfield></datafield><datafield ind1=" " ind2=" " tag="040"><subfield code="a">MUL</subfield><subfield code="b">eng</subfield><subfield code="c">MUL</subfield><subfield code="d">MN#</subfield><subfield code="d">OCL</subfield><subfield code="d">OCLCQ</subfield><subfield code="d">DLC</subfield><subfield code="d">OCLCO</subfield></datafield><datafield ind1="1" ind2=" " tag="029"><subfield code="a">AU@</subfield><subfield code="b">000026518899</subfield></datafield><datafield ind1=" " ind2=" " tag="042"><subfield code="a">msc</subfield></datafield><datafield ind1=" " ind2=" " tag="043"><subfield code="a">n-us-mn</subfield></datafield><datafield ind1=" " ind2=" " tag="052"><subfield code="a">4144</subfield><subfield code="b">M27</subfield></datafield><datafield ind1=" " ind2=" " tag="052"><subfield code="a">4143</subfield><subfield code="b">W5</subfield></datafield><datafield ind1="0" ind2=" " tag="130"><subfield code="a">Railsplitter (Mahtomedi, Minn.)</subfield></datafield><datafield ind1="0" ind2="4" tag="245"><subfield code="a">The railsplitter.</subfield></datafield><datafield ind1=" " ind2=" " tag="260"><subfield code="a">Mahtomedi, Minn. :</subfield><subfield code="b">Lincolntown High School,</subfield><subfield code="c">1936-</subfield></datafield><datafield ind1=" " ind2=" " tag="300"><subfield code="a">v.</subfield></datafield><datafield ind1=" " ind2=" " tag="310"><subfield code="a">Irregular (during school year),</subfield><subfield code="b">Sept. 23, 1937-&lt;Apr. 5, 1938&gt;</subfield></datafield><datafield ind1=" " ind2=" " tag="321"><subfield code="a">Semimonthly (during school year),</subfield><subfield code="b">Jan 28, 1936-Feb. 25, 1936</subfield></datafield><datafield ind1=" " ind2=" " tag="321"><subfield code="a">Biweekly (during school year),</subfield><subfield code="b">Mar. 17, 1936-May 25, 1937</subfield></datafield><datafield ind1="0" ind2=" " tag="362"><subfield code="a">Vol. 1, no. 1 (Jan. 28, 1936)-</subfield></datafield><datafield ind1="2" ind2="0" tag="610"><subfield code="a">Lincolntown High School (Mahtomedi, Minn.)</subfield><subfield code="v">Periodicals.</subfield></datafield><datafield ind1=" " ind2="0" tag="650"><subfield code="a">High schools</subfield><subfield code="z">Minnesota</subfield><subfield code="z">Mahtomedi</subfield><subfield code="v">Periodicals.</subfield></datafield><datafield ind1=" " ind2="0" tag="650"><subfield code="a">Schools</subfield><subfield code="z">Minnesota</subfield><subfield code="z">Mahtomedi</subfield><subfield code="v">Periodicals.</subfield></datafield><datafield ind1="2" ind2=" " tag="710"><subfield code="a">Lincolntown High School (Mahtomedi, Minn.)</subfield></datafield></record>